<?xml version="1.0" encoding="UTF-8"?><record xmlns="http://www.loc.gov/MARC21/slim" xmlns:cinclude="http://apache.org/cocoon/include/1.0" xmlns:zs="http://www.loc.gov/zing/srw/">
  <leader>00529cz  a2200169n  4500</leader>
  <controlfield tag="001">no2006096227</controlfield>
  <controlfield tag="003">DLC</controlfield>
  <controlfield tag="005">20150501185039.0</controlfield>
  <controlfield tag="008">060911n| azannaabn           a aaa     c</controlfield>
  <datafield tag="010" ind1=" " ind2=" ">
    <subfield code="a">no2006096227</subfield>
  </datafield>
  <datafield tag="035" ind1=" " ind2=" ">
    <subfield code="a">(OCoLC)oca07047301</subfield>
  </datafield>
  <datafield tag="040" ind1=" " ind2=" ">
    <subfield code="a">RPB-NP</subfield>
    <subfield code="b">eng</subfield>
    <subfield code="e">rda</subfield>
    <subfield code="c">RPB-NP</subfield>
    <subfield code="d">DLC</subfield>
  </datafield>
  <datafield tag="100" ind1="1" ind2=" ">
    <subfield code="a">Jourdan, Adolphe</subfield>
  </datafield>
  <datafield tag="378" ind1=" " ind2=" ">
    <subfield code="q">Adolphe</subfield>
  </datafield>
  <datafield tag="400" ind1="1" ind2=" ">
    <subfield code="a">Jourdan, A.</subfield>
    <subfield code="q">(Adolphe)</subfield>
  </datafield>
  <datafield tag="670" ind1=" " ind2=" ">
    <subfield code="a">Carte de l'Alge휍혖rie, 1884:</subfield>
    <subfield code="b">map recto (Adolphe Jourdan, libraire-e휍혖diteur)</subfield>
  </datafield>
  <datafield tag="670" ind1=" " ind2=" ">
    <subfield code="a">OCLC, Aug. 24, 2006</subfield>
    <subfield code="b">(hdg.: Jourdan, Adolphe; usage: A. Jourdan)</subfield>
  </datafield>
</record>